34100000      086210436619000105                    00334 000000098775 7LALUA COMERCIO DE MODAS EIRELIBANCO ITAU SA                           11506202616253000000000000000                                                                     
34100011C2291040 210436619000105                    00334 000000098775 7LALUA COMERCIO DE MODAS EIRELI                                                                      00000                                   00000000                    
3410001300001O00085800000000137702982616902000000030013295500    SEFAZ PE GNRE TRIBUTOS        18062026REA00000000000000000000000000137715062026000000000000000               GNRE-NF-1                                                         
3410001300002O00085800000000163402982616902000000030013295600    SEFAZ PE GNRE TRIBUTOS        18062026REA00000000000000000000000000163415062026000000000000000               GNRE-NF-2                                                         
3410001300003O00085840000001256402982616902000000030013295800    SEFAZ PE GNRE TRIBUTOS        18062026REA00000000000000000000000001256415062026000000000000000               GNRE-NF-3                                                         
3410001300004O00085890000000371402982616902000000030013295700    SEFAZ PE GNRE TRIBUTOS        18062026REA00000000000000000000000000371415062026000000000000000               GNRE-NF-4                                                         
3410001300005O00085830000001256102992616970000000017154457500    SEFAZ PE GNRE TRIBUTOS        18062026REA00000000000000000000000001256115062026000000000000000               GNRE-NF-5                                                         
34100015         000007000000000000031850000000000000000                                                                                                                                                                                        
34199999         000001000009                                                                                                                                                                                                                   
